<?xml version="1.0" encoding="UTF-8"?><collection xmlns="http://www.loc.gov/MARC21/slim"><record><leader>00564nam--2200181-i-4500</leader><controlfield tag="001">000029536</controlfield><controlfield tag="002">20161230</controlfield><controlfield tag="005">20161230201037</controlfield><controlfield tag="008">060222s1000------------r-----000-0-fre-d</controlfield><datafield ind1=" " ind2=" " tag="040"><subfield code="a">IFIN-HH</subfield></datafield><datafield ind1=" " ind2=" " tag="041"><subfield code="a">fre</subfield></datafield><datafield ind1=" " ind2=" " tag="080"><subfield code="a">537531</subfield></datafield><datafield ind1="1" ind2=" " tag="100"><subfield code="a">Louer, Daniel</subfield></datafield><datafield ind1="1" ind2="0" tag="245"><subfield code="a">Methode directe de deconvolution. application a l`interpretation des profils de raies de diffraction des rayons x</subfield><subfield code="b">These</subfield><subfield code="c">Daniel louer</subfield></datafield><datafield ind1=" " ind2=" " tag="260"><subfield code="a">Rennes</subfield><subfield code="b">Faculte Des Sciences De L`Universite De Rennes</subfield><subfield code="c">1969</subfield></datafield><datafield ind1=" " ind2=" " tag="300"><subfield code="a">104P</subfield></datafield><datafield ind1=" " ind2=" " tag="852"><subfield code="a">34366</subfield><subfield code="c">537.531</subfield></datafield><datafield ind1=" " ind2=" " tag="CAT"><subfield code="a">Sys</subfield><subfield code="c">20110809</subfield><subfield code="h">163522</subfield></datafield></record></collection>